@misc{Eclipse:ESCET,
  author = {Contributors to the Eclipse Foundation},
  title = {{Eclipse Supervisory Control Engineering Toolkit (Eclipse ESCET)}},
  howpublished = {\url{https://eclipse.dev/escet}}
}

@BOOK{Steinberg4:EMFBook09,
  author = {Dave Steinberg and Frank Budinsky and Marcelo Paternostro and Ed
      Merks},
  title = {EMF Eclipse Modeling Framework},
  publisher = {Addison-Wesley},
  year = {2009}
}
