@misc{Eclipse:ESCET,
  author = {Contributors to the Eclipse Foundation},
  title = {{Eclipse Supervisory Control Engineering Toolkit (Eclipse ESCET)}},
  howpublished = {\url{https://eclipse.dev/escet}}
}
